<collection xmlns="http://www.loc.gov/MARC21/slim">
<record>
  <leader>01063nam0a2200229 i 450 </leader>
  <controlfield tag="001">IT\ICCU\CNCE\019944</controlfield>
  <controlfield tag="005">20071113000000.0</controlfield>
  <datafield tag="012" ind1=" " ind2=" ">
    <subfield code="a">ioio rara iaia popo (C) 1575 (Q)</subfield>
    <subfield code="2">fei</subfield>
  </datafield>
  <datafield tag="100" ind1=" " ind2=" ">
    <subfield code="a">19970101f1575        0itac0103    ba</subfield>
  </datafield>
  <datafield tag="101" ind1=" " ind2=" ">
    <subfield code="a">ITA</subfield>
  </datafield>
  <datafield tag="102" ind1=" " ind2=" ">
    <subfield code="a">IT</subfield>
  </datafield>
  <datafield tag="200" ind1="1" ind2=" ">
    <subfield code="a">Frottola di diuersi autori fiorentini cosa piaceuole e ridicola con due capitoli e un sonetto d&apos;amore dell&apos;Altissimo poeta fiorentino. Nuouamente ristampata</subfield>
  </datafield>
  <datafield tag="210" ind1=" " ind2=" ">
    <subfield code="d">\1575?!</subfield>
  </datafield>
  <datafield tag="215" ind1=" " ind2=" ">
    <subfield code="a">\4! c.</subfield>
    <subfield code="d">8ʻ</subfield>
  </datafield>
  <datafield tag="300" ind1=" " ind2=" ">
    <subfield code="a">Stampata probabilmente a Firenze; per il luogo e la data cfr.: Short-title catalogue of books printed in Italy and of Italian books printed in other countries from 1465 to 1600 now in the British Library, p. 269</subfield>
  </datafield>
  <datafield tag="620" ind1=" " ind2=" ">
    <subfield code="a">IT</subfield>
    <subfield code="d">Firenze</subfield>
  </datafield>
  <datafield tag="702" ind1=" " ind2="0">
    <subfield code="a">Altissimo</subfield>
    <subfield code="3">IT\ICCU\CNCA\000634</subfield>
  </datafield>
  <datafield tag="712" ind1="0" ind2="2">
    <subfield code="a">s.n.</subfield>
    <subfield code="3">IT\ICCU\CNCT\000002</subfield>
    <subfield code="4">650</subfield>
  </datafield>
  <datafield tag="790" ind1=" " ind2="0">
    <subfield code="a">Cristoforo</subfield>
    <subfield code="c"> : Fiorentino</subfield>
    <subfield code="3">IT\ICCU\CNCA\013880</subfield>
    <subfield code="z">Altissimo</subfield>
  </datafield>
  <datafield tag="801" ind1=" " ind2="3">
    <subfield code="a">IT</subfield>
    <subfield code="b">ICCU</subfield>
    <subfield code="c">20201114</subfield>
  </datafield>
  <datafield tag="899" ind1=" " ind2=" ">
    <subfield code="a">Biblioteca statale. Lucca</subfield>
    <subfield code="1">LU0022</subfield>
    <subfield code="2">LUA BL</subfield>
  </datafield>
  <datafield tag="899" ind1=" " ind2=" ">
    <subfield code="a">Archivio storico civico e Biblioteca Trivulziana. Milano</subfield>
    <subfield code="1">MI0327</subfield>
    <subfield code="2">LO1 13</subfield>
  </datafield>
</record>
</collection>
